<record><leader>00000cas a22000007a 4500</leader><controlfield tag="001">28638437</controlfield><controlfield tag="008">930816d192619uunjuwr ne      0    0eng d</controlfield><datafield ind1=" " ind2=" " tag="010"><subfield code="a">sn 93060954 </subfield></datafield><datafield ind1=" " ind2=" " tag="040"><subfield code="a">NJW</subfield><subfield code="b">eng</subfield><subfield code="c">NJW</subfield><subfield code="d">OCL</subfield><subfield code="d">OCLCQ</subfield></datafield><datafield ind1="0" ind2=" " tag="130"><subfield code="a">Westville news (Westville, N.J.)</subfield></datafield><datafield ind1="1" ind2="0" tag="245"><subfield code="a">Westville news.</subfield></datafield><datafield ind1="1" ind2="7" tag="246"><subfield code="a">Westville (N.J.) news</subfield></datafield><datafield ind1=" " ind2=" " tag="260"><subfield code="a">Westville, N.J. :</subfield><subfield code="b">Harry L. Patton</subfield></datafield><datafield ind1=" " ind2=" " tag="300"><subfield code="a">v.</subfield></datafield><datafield ind1=" " ind2=" " tag="310"><subfield code="a">Weekly</subfield></datafield><datafield ind1="0" ind2=" " tag="362"><subfield code="a">Vol. 1, no. 1 (Apr. 29, 1926)-</subfield></datafield><datafield ind1=" " ind2=" " tag="752"><subfield code="a">United States</subfield><subfield code="b">New Jersey</subfield><subfield code="c">Gloucester</subfield><subfield code="d">Westville.</subfield></datafield></record>